%YAML 1.1
%TAG !u! tag:unity3d.com,2011:
--- !u!1 &269242220005912224
GameObject:
  m_ObjectHideFlags: 0
  m_CorrespondingSourceObject: {fileID: 0}
  m_PrefabInstance: {fileID: 0}
  m_PrefabAsset: {fileID: 0}
  serializedVersion: 6
  m_Component:
  - component: {fileID: 646085075490649114}
  - component: {fileID: 4564540500601879487}
  - component: {fileID: 1782429498232459125}
  - component: {fileID: 2444886749002660887}
  - component: {fileID: 6568554392464279429}
  - component: {fileID: 7538950036353206878}
  m_Layer: 8
  m_Name: Candles01
  m_TagString: Untagged
  m_Icon: {fileID: 0}
  m_NavMeshLayer: 0
  m_StaticEditorFlags: 0
  m_IsActive: 1
--- !u!4 &646085075490649114
Transform:
  m_ObjectHideFlags: 0
  m_CorrespondingSourceObject: {fileID: 0}
  m_PrefabInstance: {fileID: 0}
  m_PrefabAsset: {fileID: 0}
  m_GameObject: {fileID: 269242220005912224}
  m_LocalRotation: {x: -0.7071068, y: 0, z: -0, w: 0.7071068}
  m_LocalPosition: {x: 0, y: 0, z: 0}
  m_LocalScale: {x: 1, y: 1, z: 1}
  m_Children:
  - {fileID: 2024822102967484347}
  m_Father: {fileID: 0}
  m_RootOrder: 0
  m_LocalEulerAnglesHint: {x: 0, y: 0, z: 0}
--- !u!33 &4564540500601879487
MeshFilter:
  m_ObjectHideFlags: 0
  m_CorrespondingSourceObject: {fileID: 0}
  m_PrefabInstance: {fileID: 0}
  m_PrefabAsset: {fileID: 0}
  m_GameObject: {fileID: 269242220005912224}
  m_Mesh: {fileID: -965377274293150644, guid: 62918d12fec54ede59bfe65308621f11, type: 3}
--- !u!23 &1782429498232459125
MeshRenderer:
  m_ObjectHideFlags: 0
  m_CorrespondingSourceObject: {fileID: 0}
  m_PrefabInstance: {fileID: 0}
  m_PrefabAsset: {fileID: 0}
  m_GameObject: {fileID: 269242220005912224}
  m_Enabled: 1
  m_CastShadows: 1
  m_ReceiveShadows: 1
  m_DynamicOccludee: 1
  m_MotionVectors: 1
  m_LightProbeUsage: 1
  m_ReflectionProbeUsage: 1
  m_RayTracingMode: 2
  m_RayTraceProcedural: 0
  m_RenderingLayerMask: 257
  m_RendererPriority: 0
  m_Materials:
  - {fileID: 2100000, guid: a71021064ffada911acc9011758401db, type: 2}
  m_StaticBatchInfo:
    firstSubMesh: 0
    subMeshCount: 0
  m_StaticBatchRoot: {fileID: 0}
  m_ProbeAnchor: {fileID: 0}
  m_LightProbeVolumeOverride: {fileID: 0}
  m_ScaleInLightmap: 1
  m_ReceiveGI: 1
  m_PreserveUVs: 0
  m_IgnoreNormalsForChartDetection: 0
  m_ImportantGI: 0
  m_StitchLightmapSeams: 1
  m_SelectedEditorRenderState: 3
  m_MinimumChartSize: 4
  m_AutoUVMaxDistance: 0.5
  m_AutoUVMaxAngle: 89
  m_LightmapParameters: {fileID: 0}
  m_SortingLayerID: 0
  m_SortingLayer: 0
  m_SortingOrder: 0
  m_AdditionalVertexStreams: {fileID: 0}
--- !u!64 &2444886749002660887
MeshCollider:
  m_ObjectHideFlags: 0
  m_CorrespondingSourceObject: {fileID: 0}
  m_PrefabInstance: {fileID: 0}
  m_PrefabAsset: {fileID: 0}
  m_GameObject: {fileID: 269242220005912224}
  m_Material: {fileID: 0}
  m_IsTrigger: 0
  m_Enabled: 1
  serializedVersion: 4
  m_Convex: 0
  m_CookingOptions: 30
  m_Mesh: {fileID: -965377274293150644, guid: 62918d12fec54ede59bfe65308621f11, type: 3}
--- !u!65 &6568554392464279429
BoxCollider:
  m_ObjectHideFlags: 0
  m_CorrespondingSourceObject: {fileID: 0}
  m_PrefabInstance: {fileID: 0}
  m_PrefabAsset: {fileID: 0}
  m_GameObject: {fileID: 269242220005912224}
  m_Material: {fileID: 0}
  m_IsTrigger: 1
  m_Enabled: 1
  serializedVersion: 2
  m_Size: {x: 1.2955196, y: 1.29552, z: 1.29552}
  m_Center: {x: 0.0037021637, y: -0.025747418, z: 0.7862122}
--- !u!114 &7538950036353206878
MonoBehaviour:
  m_ObjectHideFlags: 0
  m_CorrespondingSourceObject: {fileID: 0}
  m_PrefabInstance: {fileID: 0}
  m_PrefabAsset: {fileID: 0}
  m_GameObject: {fileID: 269242220005912224}
  m_Enabled: 1
  m_EditorHideFlags: 0
  m_Script: {fileID: 11500000, guid: ed38aaeb48e9ba9cfb733f77bc312658, type: 3}
  m_Name: 
  m_EditorClassIdentifier: 
  fires: []
--- !u!1 &2230055958144909365
GameObject:
  m_ObjectHideFlags: 0
  m_CorrespondingSourceObject: {fileID: 0}
  m_PrefabInstance: {fileID: 0}
  m_PrefabAsset: {fileID: 0}
  serializedVersion: 6
  m_Component:
  - component: {fileID: 2024822102967484347}
  - component: {fileID: 884672932681727437}
  - component: {fileID: 489517681581353849}
  m_Layer: 0
  m_Name: Point Light
  m_TagString: Untagged
  m_Icon: {fileID: 0}
  m_NavMeshLayer: 0
  m_StaticEditorFlags: 0
  m_IsActive: 1
--- !u!4 &2024822102967484347
Transform:
  m_ObjectHideFlags: 0
  m_CorrespondingSourceObject: {fileID: 0}
  m_PrefabInstance: {fileID: 0}
  m_PrefabAsset: {fileID: 0}
  m_GameObject: {fileID: 2230055958144909365}
  m_LocalRotation: {x: 0, y: 0, z: 0, w: 1}
  m_LocalPosition: {x: 0, y: -0.133, z: 1.54}
  m_LocalScale: {x: 1, y: 1, z: 1}
  m_Children:
  - {fileID: 8301918122163525176}
  - {fileID: 940414523434921579}
  - {fileID: 1724639373367227215}
  m_Father: {fileID: 646085075490649114}
  m_RootOrder: 0
  m_LocalEulerAnglesHint: {x: 0, y: 0, z: 0}
--- !u!108 &884672932681727437
Light:
  m_ObjectHideFlags: 0
  m_CorrespondingSourceObject: {fileID: 0}
  m_PrefabInstance: {fileID: 0}
  m_PrefabAsset: {fileID: 0}
  m_GameObject: {fileID: 2230055958144909365}
  m_Enabled: 0
  serializedVersion: 10
  m_Type: 2
  m_Shape: 0
  m_Color: {r: 1, g: 0.687739, b: 0, a: 1}
  m_Intensity: 128
  m_Range: 2
  m_SpotAngle: 30
  m_InnerSpotAngle: 21.80208
  m_CookieSize: 10
  m_Shadows:
    m_Type: 0
    m_Resolution: -1
    m_CustomResolution: -1
    m_Strength: 1
    m_Bias: 0.05
    m_NormalBias: 0.4
    m_NearPlane: 0.2
    m_CullingMatrixOverride:
      e00: 1
      e01: 0
      e02: 0
      e03: 0
      e10: 0
      e11: 1
      e12: 0
      e13: 0
      e20: 0
      e21: 0
      e22: 1
      e23: 0
      e30: 0
      e31: 0
      e32: 0
      e33: 1
    m_UseCullingMatrixOverride: 0
  m_Cookie: {fileID: 0}
  m_DrawHalo: 0
  m_Flare: {fileID: 0}
  m_RenderMode: 0
  m_CullingMask:
    serializedVersion: 2
    m_Bits: 4294967295
  m_RenderingLayerMask: 1
  m_Lightmapping: 4
  m_LightShadowCasterMode: 2
  m_AreaSize: {x: 2.4, y: 0.5}
  m_BounceIntensity: 0
  m_ColorTemperature: 6570
  m_UseColorTemperature: 1
  m_BoundingSphereOverride: {x: 0, y: 0, z: 0, w: 2}
  m_UseBoundingSphereOverride: 1
  m_UseViewFrustumForShadowCasterCull: 1
  m_ShadowRadius: 0
  m_ShadowAngle: 0
--- !u!114 &489517681581353849
MonoBehaviour:
  m_ObjectHideFlags: 0
  m_CorrespondingSourceObject: {fileID: 0}
  m_PrefabInstance: {fileID: 0}
  m_PrefabAsset: {fileID: 0}
  m_GameObject: {fileID: 2230055958144909365}
  m_Enabled: 1
  m_EditorHideFlags: 0
  m_Script: {fileID: 11500000, guid: 7a68c43fe1f2a47cfa234b5eeaa98012, type: 3}
  m_Name: 
  m_EditorClassIdentifier: 
  m_Version: 11
  m_ObsoleteShadowResolutionTier: 1
  m_ObsoleteUseShadowQualitySettings: 0
  m_ObsoleteCustomShadowResolution: 512
  m_ObsoleteContactShadows: 0
  m_PointlightHDType: 1
  m_SpotLightShape: 0
  m_AreaLightShape: 1
  m_Intensity: 10
  m_EnableSpotReflector: 1
  m_LuxAtDistance: 1
  m_InnerSpotPercent: 0
  m_SpotIESCutoffPercent: 100
  m_LightDimmer: 1
  m_VolumetricDimmer: 1
  m_LightUnit: 4
  m_FadeDistance: 10000
  m_VolumetricFadeDistance: 10000
  m_AffectDiffuse: 1
  m_AffectSpecular: 1
  m_NonLightmappedOnly: 0
  m_ShapeWidth: 2.4
  m_ShapeHeight: 0.5
  m_AspectRatio: 1
  m_ShapeRadius: 0.025
  m_SoftnessScale: 1
  m_UseCustomSpotLightShadowCone: 0
  m_CustomSpotLightShadowCone: 30
  m_MaxSmoothness: 0.99
  m_ApplyRangeAttenuation: 1
  m_DisplayAreaLightEmissiveMesh: 0
  m_AreaLightCookie: {fileID: 0}
  m_IESPoint: {fileID: 0}
  m_IESSpot: {fileID: 0}
  m_IncludeForRayTracing: 1
  m_AreaLightShadowCone: 120
  m_UseScreenSpaceShadows: 0
  m_InteractsWithSky: 1
  m_AngularDiameter: 0.5
  m_FlareSize: 2
  m_FlareTint: {r: 1, g: 1, b: 1, a: 1}
  m_FlareFalloff: 4
  m_SurfaceTexture: {fileID: 0}
  m_SurfaceTint: {r: 1, g: 1, b: 1, a: 1}
  m_Distance: 1.5e+11
  m_UseRayTracedShadows: 0
  m_NumRayTracingSamples: 4
  m_FilterTracedShadow: 1
  m_FilterSizeTraced: 16
  m_SunLightConeAngle: 0.5
  m_LightShadowRadius: 0.5
  m_SemiTransparentShadow: 0
  m_ColorShadow: 1
  m_DistanceBasedFiltering: 0
  m_EvsmExponent: 15
  m_EvsmLightLeakBias: 0
  m_EvsmVarianceBias: 0.00001
  m_EvsmBlurPasses: 0
  m_LightlayersMask: 1
  m_LinkShadowLayers: 1
  m_ShadowNearPlane: 0.1
  m_BlockerSampleCount: 24
  m_FilterSampleCount: 16
  m_MinFilterSize: 0.1
  m_KernelSize: 5
  m_LightAngle: 1
  m_MaxDepthBias: 0.001
  m_ShadowResolution:
    m_Override: 1024
    m_UseOverride: 1
    m_Level: 0
  m_ShadowDimmer: 1
  m_VolumetricShadowDimmer: 1
  m_ShadowFadeDistance: 10000
  m_UseContactShadow:
    m_Override: 0
    m_UseOverride: 1
    m_Level: 0
  m_RayTracedContactShadow: 0
  m_ShadowTint: {r: 0, g: 0, b: 0, a: 1}
  m_PenumbraTint: 0
  m_NormalBias: 0.75
  m_SlopeBias: 0.5
  m_ShadowUpdateMode: 0
  m_AlwaysDrawDynamicShadows: 0
  m_UpdateShadowOnLightMovement: 0
  m_CachedShadowTranslationThreshold: 0.01
  m_CachedShadowAngularThreshold: 0.5
  m_BarnDoorAngle: 90
  m_BarnDoorLength: 0.05
  m_preserveCachedShadow: 0
  m_ShadowCascadeRatios:
  - 0.05
  - 0.2
  - 0.3
  m_ShadowCascadeBorders:
  - 0.2
  - 0.2
  - 0.2
  - 0.2
  m_ShadowAlgorithm: 0
  m_ShadowVariant: 0
  m_ShadowPrecision: 0
  useOldInspector: 0
  useVolumetric: 1
  featuresFoldout: 1
  showAdditionalSettings: 0
  m_AreaLightEmissiveMeshShadowCastingMode: 0
  m_AreaLightEmissiveMeshMotionVectorGenerationMode: 0
  m_AreaLightEmissiveMeshLayer: -1
--- !u!1 &4627353595821888075
GameObject:
  m_ObjectHideFlags: 0
  m_CorrespondingSourceObject: {fileID: 0}
  m_PrefabInstance: {fileID: 0}
  m_PrefabAsset: {fileID: 0}
  serializedVersion: 6
  m_Component:
  - component: {fileID: 1724639373367227215}
  - component: {fileID: 2464254273952547187}
  - component: {fileID: 6169110803653421728}
  m_Layer: 0
  m_Name: ColliderForLight
  m_TagString: Untagged
  m_Icon: {fileID: 0}
  m_NavMeshLayer: 0
  m_StaticEditorFlags: 0
  m_IsActive: 1
--- !u!4 &1724639373367227215
Transform:
  m_ObjectHideFlags: 0
  m_CorrespondingSourceObject: {fileID: 0}
  m_PrefabInstance: {fileID: 0}
  m_PrefabAsset: {fileID: 0}
  m_GameObject: {fileID: 4627353595821888075}
  m_LocalRotation: {x: -0, y: -0, z: -0, w: 1}
  m_LocalPosition: {x: 0, y: 0.073999986, z: -0.21299958}
  m_LocalScale: {x: 1, y: 1, z: 1}
  m_Children: []
  m_Father: {fileID: 2024822102967484347}
  m_RootOrder: 2
  m_LocalEulerAnglesHint: {x: 0, y: 0, z: 0}
--- !u!135 &2464254273952547187
SphereCollider:
  m_ObjectHideFlags: 0
  m_CorrespondingSourceObject: {fileID: 0}
  m_PrefabInstance: {fileID: 0}
  m_PrefabAsset: {fileID: 0}
  m_GameObject: {fileID: 4627353595821888075}
  m_Material: {fileID: 0}
  m_IsTrigger: 1
  m_Enabled: 0
  serializedVersion: 2
  m_Radius: 1
  m_Center: {x: 0, y: 0, z: 0}
--- !u!114 &6169110803653421728
MonoBehaviour:
  m_ObjectHideFlags: 0
  m_CorrespondingSourceObject: {fileID: 0}
  m_PrefabInstance: {fileID: 0}
  m_PrefabAsset: {fileID: 0}
  m_GameObject: {fileID: 4627353595821888075}
  m_Enabled: 1
  m_EditorHideFlags: 0
  m_Script: {fileID: 11500000, guid: 86bdd8dde02a7feda98ca8c4a13194cc, type: 3}
  m_Name: 
  m_EditorClassIdentifier: 
--- !u!1001 &3540030955855087032
PrefabInstance:
  m_ObjectHideFlags: 0
  serializedVersion: 2
  m_Modification:
    m_TransformParent: {fileID: 2024822102967484347}
    m_Modifications:
    - target: {fileID: 4762242068046041984, guid: e88f0801bf4c497b8b14867cac684a9e, type: 3}
      propertyPath: m_RootOrder
      value: 0
      objectReference: {fileID: 0}
    - target: {fileID: 4762242068046041984, guid: e88f0801bf4c497b8b14867cac684a9e, type: 3}
      propertyPath: m_LocalScale.x
      value: 0.058876783
      objectReference: {fileID: 0}
    - target: {fileID: 4762242068046041984, guid: e88f0801bf4c497b8b14867cac684a9e, type: 3}
      propertyPath: m_LocalScale.y
      value: 0.058876783
      objectReference: {fileID: 0}
    - target: {fileID: 4762242068046041984, guid: e88f0801bf4c497b8b14867cac684a9e, type: 3}
      propertyPath: m_LocalScale.z
      value: 0.058876783
      objectReference: {fileID: 0}
    - target: {fileID: 4762242068046041984, guid: e88f0801bf4c497b8b14867cac684a9e, type: 3}
      propertyPath: m_LocalPosition.x
      value: 0.017
      objectReference: {fileID: 0}
    - target: {fileID: 4762242068046041984, guid: e88f0801bf4c497b8b14867cac684a9e, type: 3}
      propertyPath: m_LocalPosition.y
      value: 0.35200024
      objectReference: {fileID: 0}
    - target: {fileID: 4762242068046041984, guid: e88f0801bf4c497b8b14867cac684a9e, type: 3}
      propertyPath: m_LocalPosition.z
      value: -0.99500006
      objectReference: {fileID: 0}
    - target: {fileID: 4762242068046041984, guid: e88f0801bf4c497b8b14867cac684a9e, type: 3}
      propertyPath: m_LocalRotation.w
      value: 0.7071079
      objectReference: {fileID: 0}
    - target: {fileID: 4762242068046041984, guid: e88f0801bf4c497b8b14867cac684a9e, type: 3}
      propertyPath: m_LocalRotation.x
      value: 0.70710576
      objectReference: {fileID: 0}
    - target: {fileID: 4762242068046041984, guid: e88f0801bf4c497b8b14867cac684a9e, type: 3}
      propertyPath: m_LocalRotation.y
      value: -0
      objectReference: {fileID: 0}
    - target: {fileID: 4762242068046041984, guid: e88f0801bf4c497b8b14867cac684a9e, type: 3}
      propertyPath: m_LocalRotation.z
      value: -0
      objectReference: {fileID: 0}
    - target: {fileID: 4762242068046041984, guid: e88f0801bf4c497b8b14867cac684a9e, type: 3}
      propertyPath: m_LocalEulerAnglesHint.x
      value: 90
      objectReference: {fileID: 0}
    - target: {fileID: 4762242068046041984, guid: e88f0801bf4c497b8b14867cac684a9e, type: 3}
      propertyPath: m_LocalEulerAnglesHint.y
      value: 0
      objectReference: {fileID: 0}
    - target: {fileID: 4762242068046041984, guid: e88f0801bf4c497b8b14867cac684a9e, type: 3}
      propertyPath: m_LocalEulerAnglesHint.z
      value: 0
      objectReference: {fileID: 0}
    - target: {fileID: 4762242068046041986, guid: e88f0801bf4c497b8b14867cac684a9e, type: 3}
      propertyPath: m_Enabled
      value: 0
      objectReference: {fileID: 0}
    - target: {fileID: 4762242068046041986, guid: e88f0801bf4c497b8b14867cac684a9e, type: 3}
      propertyPath: m_Materials.Array.size
      value: 1
      objectReference: {fileID: 0}
    - target: {fileID: 4762242068046041986, guid: e88f0801bf4c497b8b14867cac684a9e, type: 3}
      propertyPath: m_Materials.Array.data[0]
      value: 
      objectReference: {fileID: 0}
    - target: {fileID: 4762242068046041987, guid: e88f0801bf4c497b8b14867cac684a9e, type: 3}
      propertyPath: m_Enabled
      value: 0
      objectReference: {fileID: 0}
    - target: {fileID: 4762242068046041989, guid: e88f0801bf4c497b8b14867cac684a9e, type: 3}
      propertyPath: m_Name
      value: DiabloFeuer
      objectReference: {fileID: 0}
    - target: {fileID: 4762242068046041989, guid: e88f0801bf4c497b8b14867cac684a9e, type: 3}
      propertyPath: m_IsActive
      value: 1
      objectReference: {fileID: 0}
    m_RemovedComponents: []
  m_SourcePrefab: {fileID: 100100000, guid: e88f0801bf4c497b8b14867cac684a9e, type: 3}
--- !u!4 &8301918122163525176 stripped
Transform:
  m_CorrespondingSourceObject: {fileID: 4762242068046041984, guid: e88f0801bf4c497b8b14867cac684a9e, type: 3}
  m_PrefabInstance: {fileID: 3540030955855087032}
  m_PrefabAsset: {fileID: 0}
--- !u!1001 &5700404750856142315
PrefabInstance:
  m_ObjectHideFlags: 0
  serializedVersion: 2
  m_Modification:
    m_TransformParent: {fileID: 2024822102967484347}
    m_Modifications:
    - target: {fileID: 4762242068046041984, guid: e88f0801bf4c497b8b14867cac684a9e, type: 3}
      propertyPath: m_RootOrder
      value: 1
      objectReference: {fileID: 0}
    - target: {fileID: 4762242068046041984, guid: e88f0801bf4c497b8b14867cac684a9e, type: 3}
      propertyPath: m_LocalScale.x
      value: 0.058876783
      objectReference: {fileID: 0}
    - target: {fileID: 4762242068046041984, guid: e88f0801bf4c497b8b14867cac684a9e, type: 3}
      propertyPath: m_LocalScale.y
      value: 0.058876783
      objectReference: {fileID: 0}
    - target: {fileID: 4762242068046041984, guid: e88f0801bf4c497b8b14867cac684a9e, type: 3}
      propertyPath: m_LocalScale.z
      value: 0.058876783
      objectReference: {fileID: 0}
    - target: {fileID: 4762242068046041984, guid: e88f0801bf4c497b8b14867cac684a9e, type: 3}
      propertyPath: m_LocalPosition.x
      value: 0.005
      objectReference: {fileID: 0}
    - target: {fileID: 4762242068046041984, guid: e88f0801bf4c497b8b14867cac684a9e, type: 3}
      propertyPath: m_LocalPosition.y
      value: 0.0069998354
      objectReference: {fileID: 0}
    - target: {fileID: 4762242068046041984, guid: e88f0801bf4c497b8b14867cac684a9e, type: 3}
      propertyPath: m_LocalPosition.z
      value: -0.4189993
      objectReference: {fileID: 0}
    - target: {fileID: 4762242068046041984, guid: e88f0801bf4c497b8b14867cac684a9e, type: 3}
      propertyPath: m_LocalRotation.w
      value: 0.7071079
      objectReference: {fileID: 0}
    - target: {fileID: 4762242068046041984, guid: e88f0801bf4c497b8b14867cac684a9e, type: 3}
      propertyPath: m_LocalRotation.x
      value: 0.70710576
      objectReference: {fileID: 0}
    - target: {fileID: 4762242068046041984, guid: e88f0801bf4c497b8b14867cac684a9e, type: 3}
      propertyPath: m_LocalRotation.y
      value: -0
      objectReference: {fileID: 0}
    - target: {fileID: 4762242068046041984, guid: e88f0801bf4c497b8b14867cac684a9e, type: 3}
      propertyPath: m_LocalRotation.z
      value: -0
      objectReference: {fileID: 0}
    - target: {fileID: 4762242068046041984, guid: e88f0801bf4c497b8b14867cac684a9e, type: 3}
      propertyPath: m_LocalEulerAnglesHint.x
      value: 90
      objectReference: {fileID: 0}
    - target: {fileID: 4762242068046041984, guid: e88f0801bf4c497b8b14867cac684a9e, type: 3}
      propertyPath: m_LocalEulerAnglesHint.y
      value: 0
      objectReference: {fileID: 0}
    - target: {fileID: 4762242068046041984, guid: e88f0801bf4c497b8b14867cac684a9e, type: 3}
      propertyPath: m_LocalEulerAnglesHint.z
      value: 0
      objectReference: {fileID: 0}
    - target: {fileID: 4762242068046041986, guid: e88f0801bf4c497b8b14867cac684a9e, type: 3}
      propertyPath: m_Enabled
      value: 0
      objectReference: {fileID: 0}
    - target: {fileID: 4762242068046041986, guid: e88f0801bf4c497b8b14867cac684a9e, type: 3}
      propertyPath: m_Materials.Array.size
      value: 1
      objectReference: {fileID: 0}
    - target: {fileID: 4762242068046041986, guid: e88f0801bf4c497b8b14867cac684a9e, type: 3}
      propertyPath: m_Materials.Array.data[0]
      value: 
      objectReference: {fileID: 0}
    - target: {fileID: 4762242068046041987, guid: e88f0801bf4c497b8b14867cac684a9e, type: 3}
      propertyPath: m_Enabled
      value: 0
      objectReference: {fileID: 0}
    - target: {fileID: 4762242068046041989, guid: e88f0801bf4c497b8b14867cac684a9e, type: 3}
      propertyPath: m_Name
      value: DiabloFeuer (1)
      objectReference: {fileID: 0}
    - target: {fileID: 4762242068046041989, guid: e88f0801bf4c497b8b14867cac684a9e, type: 3}
      propertyPath: m_IsActive
      value: 1
      objectReference: {fileID: 0}
    m_RemovedComponents: []
  m_SourcePrefab: {fileID: 100100000, guid: e88f0801bf4c497b8b14867cac684a9e, type: 3}
--- !u!4 &940414523434921579 stripped
Transform:
  m_CorrespondingSourceObject: {fileID: 4762242068046041984, guid: e88f0801bf4c497b8b14867cac684a9e, type: 3}
  m_PrefabInstance: {fileID: 5700404750856142315}
  m_PrefabAsset: {fileID: 0}
