%YAML 1.1
%TAG !u! tag:unity3d.com,2011:
--- !u!1 &1232531609502426067
GameObject:
  m_ObjectHideFlags: 0
  m_CorrespondingSourceObject: {fileID: 0}
  m_PrefabInstance: {fileID: 0}
  m_PrefabAsset: {fileID: 0}
  serializedVersion: 6
  m_Component:
  - component: {fileID: 1232531609502426066}
  - component: {fileID: 9161097770577212082}
  - component: {fileID: 1013133621118216993}
  m_Layer: 8
  m_Name: Torch
  m_TagString: Untagged
  m_Icon: {fileID: 0}
  m_NavMeshLayer: 0
  m_StaticEditorFlags: 0
  m_IsActive: 1
--- !u!4 &1232531609502426066
Transform:
  m_ObjectHideFlags: 0
  m_CorrespondingSourceObject: {fileID: 0}
  m_PrefabInstance: {fileID: 0}
  m_PrefabAsset: {fileID: 0}
  m_GameObject: {fileID: 1232531609502426067}
  m_LocalRotation: {x: 0, y: 0, z: 0, w: 1}
  m_LocalPosition: {x: 0, y: 0, z: 0}
  m_LocalScale: {x: 1, y: 1, z: 1}
  m_Children:
  - {fileID: 6366393498391917266}
  - {fileID: 6999139711988754179}
  m_Father: {fileID: 0}
  m_RootOrder: 0
  m_LocalEulerAnglesHint: {x: 0, y: 0, z: 0}
--- !u!114 &9161097770577212082
MonoBehaviour:
  m_ObjectHideFlags: 0
  m_CorrespondingSourceObject: {fileID: 0}
  m_PrefabInstance: {fileID: 0}
  m_PrefabAsset: {fileID: 0}
  m_GameObject: {fileID: 1232531609502426067}
  m_Enabled: 1
  m_EditorHideFlags: 0
  m_Script: {fileID: 11500000, guid: ed38aaeb48e9ba9cfb733f77bc312658, type: 3}
  m_Name: 
  m_EditorClassIdentifier: 
--- !u!65 &1013133621118216993
BoxCollider:
  m_ObjectHideFlags: 0
  m_CorrespondingSourceObject: {fileID: 0}
  m_PrefabInstance: {fileID: 0}
  m_PrefabAsset: {fileID: 0}
  m_GameObject: {fileID: 1232531609502426067}
  m_Material: {fileID: 0}
  m_IsTrigger: 1
  m_Enabled: 1
  serializedVersion: 2
  m_Size: {x: 0.5660676, y: 0.50957274, z: 0.5660676}
  m_Center: {x: 0, y: 1.2658633, z: 0.24422953}
--- !u!64 &5190063789130373155
MeshCollider:
  m_ObjectHideFlags: 0
  m_CorrespondingSourceObject: {fileID: 0}
  m_PrefabInstance: {fileID: 0}
  m_PrefabAsset: {fileID: 0}
  m_GameObject: {fileID: 5985892533428938856}
  m_Material: {fileID: 0}
  m_IsTrigger: 0
  m_Enabled: 1
  serializedVersion: 4
  m_Convex: 0
  m_CookingOptions: 30
  m_Mesh: {fileID: -1718401406955793440, guid: 54d6e6932f968e84194511b82afc70c1, type: 3}
--- !u!1 &8462977120713874781
GameObject:
  m_ObjectHideFlags: 0
  m_CorrespondingSourceObject: {fileID: 0}
  m_PrefabInstance: {fileID: 0}
  m_PrefabAsset: {fileID: 0}
  serializedVersion: 6
  m_Component:
  - component: {fileID: 6999139711988754179}
  - component: {fileID: 5457816070729949331}
  - component: {fileID: 8752217949029702350}
  m_Layer: 0
  m_Name: Point Light
  m_TagString: Untagged
  m_Icon: {fileID: 0}
  m_NavMeshLayer: 0
  m_StaticEditorFlags: 0
  m_IsActive: 1
--- !u!4 &6999139711988754179
Transform:
  m_ObjectHideFlags: 0
  m_CorrespondingSourceObject: {fileID: 0}
  m_PrefabInstance: {fileID: 0}
  m_PrefabAsset: {fileID: 0}
  m_GameObject: {fileID: 8462977120713874781}
  m_LocalRotation: {x: -0, y: -0, z: -0, w: 1}
  m_LocalPosition: {x: 0, y: 1.012, z: 0.245}
  m_LocalScale: {x: 1, y: 1, z: 1}
  m_Children:
  - {fileID: 236702995732614257}
  m_Father: {fileID: 1232531609502426066}
  m_RootOrder: 1
  m_LocalEulerAnglesHint: {x: 0, y: 0, z: 0}
--- !u!108 &5457816070729949331
Light:
  m_ObjectHideFlags: 0
  m_CorrespondingSourceObject: {fileID: 0}
  m_PrefabInstance: {fileID: 0}
  m_PrefabAsset: {fileID: 0}
  m_GameObject: {fileID: 8462977120713874781}
  m_Enabled: 0
  serializedVersion: 10
  m_Type: 2
  m_Shape: 0
  m_Color: {r: 1, g: 0.39000797, b: 0, a: 1}
  m_Intensity: 4096
  m_Range: 2.61
  m_SpotAngle: 30
  m_InnerSpotAngle: 21.80208
  m_CookieSize: 10
  m_Shadows:
    m_Type: 0
    m_Resolution: -1
    m_CustomResolution: -1
    m_Strength: 1
    m_Bias: 0.05
    m_NormalBias: 0.4
    m_NearPlane: 0.2
    m_CullingMatrixOverride:
      e00: 1
      e01: 0
      e02: 0
      e03: 0
      e10: 0
      e11: 1
      e12: 0
      e13: 0
      e20: 0
      e21: 0
      e22: 1
      e23: 0
      e30: 0
      e31: 0
      e32: 0
      e33: 1
    m_UseCullingMatrixOverride: 0
  m_Cookie: {fileID: 0}
  m_DrawHalo: 0
  m_Flare: {fileID: 0}
  m_RenderMode: 0
  m_CullingMask:
    serializedVersion: 2
    m_Bits: 4294967295
  m_RenderingLayerMask: 1
  m_Lightmapping: 1
  m_LightShadowCasterMode: 2
  m_AreaSize: {x: 0.5, y: 0.5}
  m_BounceIntensity: 1
  m_ColorTemperature: 6570
  m_UseColorTemperature: 1
  m_BoundingSphereOverride: {x: 0, y: 0, z: 0, w: 0}
  m_UseBoundingSphereOverride: 0
  m_UseViewFrustumForShadowCasterCull: 1
  m_ShadowRadius: 0
  m_ShadowAngle: 0
--- !u!114 &8752217949029702350
MonoBehaviour:
  m_ObjectHideFlags: 0
  m_CorrespondingSourceObject: {fileID: 0}
  m_PrefabInstance: {fileID: 0}
  m_PrefabAsset: {fileID: 0}
  m_GameObject: {fileID: 8462977120713874781}
  m_Enabled: 1
  m_EditorHideFlags: 0
  m_Script: {fileID: 11500000, guid: 7a68c43fe1f2a47cfa234b5eeaa98012, type: 3}
  m_Name: 
  m_EditorClassIdentifier: 
  m_Version: 11
  m_ObsoleteShadowResolutionTier: 1
  m_ObsoleteUseShadowQualitySettings: 0
  m_ObsoleteCustomShadowResolution: 512
  m_ObsoleteContactShadows: 0
  m_PointlightHDType: 0
  m_SpotLightShape: 0
  m_AreaLightShape: 0
  m_Intensity: 15
  m_EnableSpotReflector: 1
  m_LuxAtDistance: 1
  m_InnerSpotPercent: 0
  m_SpotIESCutoffPercent: 100
  m_LightDimmer: 1
  m_VolumetricDimmer: 1
  m_LightUnit: 4
  m_FadeDistance: 10000
  m_VolumetricFadeDistance: 10000
  m_AffectDiffuse: 1
  m_AffectSpecular: 1
  m_NonLightmappedOnly: 0
  m_ShapeWidth: 0.5
  m_ShapeHeight: 0.5
  m_AspectRatio: 1
  m_ShapeRadius: 0.025
  m_SoftnessScale: 1
  m_UseCustomSpotLightShadowCone: 0
  m_CustomSpotLightShadowCone: 30
  m_MaxSmoothness: 0.99
  m_ApplyRangeAttenuation: 1
  m_DisplayAreaLightEmissiveMesh: 0
  m_AreaLightCookie: {fileID: 0}
  m_IESPoint: {fileID: 0}
  m_IESSpot: {fileID: 0}
  m_IncludeForRayTracing: 1
  m_AreaLightShadowCone: 120
  m_UseScreenSpaceShadows: 0
  m_InteractsWithSky: 1
  m_AngularDiameter: 0.5
  m_FlareSize: 2
  m_FlareTint: {r: 1, g: 1, b: 1, a: 1}
  m_FlareFalloff: 4
  m_SurfaceTexture: {fileID: 0}
  m_SurfaceTint: {r: 1, g: 1, b: 1, a: 1}
  m_Distance: 1.5e+11
  m_UseRayTracedShadows: 0
  m_NumRayTracingSamples: 4
  m_FilterTracedShadow: 1
  m_FilterSizeTraced: 16
  m_SunLightConeAngle: 0.5
  m_LightShadowRadius: 0.5
  m_SemiTransparentShadow: 0
  m_ColorShadow: 1
  m_DistanceBasedFiltering: 0
  m_EvsmExponent: 15
  m_EvsmLightLeakBias: 0
  m_EvsmVarianceBias: 0.00001
  m_EvsmBlurPasses: 0
  m_LightlayersMask: 1
  m_LinkShadowLayers: 1
  m_ShadowNearPlane: 0.1
  m_BlockerSampleCount: 24
  m_FilterSampleCount: 16
  m_MinFilterSize: 0.1
  m_KernelSize: 5
  m_LightAngle: 1
  m_MaxDepthBias: 0.001
  m_ShadowResolution:
    m_Override: 512
    m_UseOverride: 1
    m_Level: 0
  m_ShadowDimmer: 1
  m_VolumetricShadowDimmer: 1
  m_ShadowFadeDistance: 10000
  m_UseContactShadow:
    m_Override: 0
    m_UseOverride: 1
    m_Level: 0
  m_RayTracedContactShadow: 0
  m_ShadowTint: {r: 0, g: 0, b: 0, a: 1}
  m_PenumbraTint: 0
  m_NormalBias: 0.75
  m_SlopeBias: 0.5
  m_ShadowUpdateMode: 0
  m_AlwaysDrawDynamicShadows: 0
  m_UpdateShadowOnLightMovement: 0
  m_CachedShadowTranslationThreshold: 0.01
  m_CachedShadowAngularThreshold: 0.5
  m_BarnDoorAngle: 90
  m_BarnDoorLength: 0.05
  m_preserveCachedShadow: 0
  m_ShadowCascadeRatios:
  - 0.05
  - 0.2
  - 0.3
  m_ShadowCascadeBorders:
  - 0.2
  - 0.2
  - 0.2
  - 0.2
  m_ShadowAlgorithm: 0
  m_ShadowVariant: 0
  m_ShadowPrecision: 0
  useOldInspector: 0
  useVolumetric: 1
  featuresFoldout: 1
  showAdditionalSettings: 0
  m_AreaLightEmissiveMeshShadowCastingMode: 0
  m_AreaLightEmissiveMeshMotionVectorGenerationMode: 0
  m_AreaLightEmissiveMeshLayer: -1
--- !u!1 &8981112939674050045
GameObject:
  m_ObjectHideFlags: 0
  m_CorrespondingSourceObject: {fileID: 0}
  m_PrefabInstance: {fileID: 0}
  m_PrefabAsset: {fileID: 0}
  serializedVersion: 6
  m_Component:
  - component: {fileID: 236702995732614257}
  - component: {fileID: 4548166965033678151}
  - component: {fileID: 2334679508195101053}
  m_Layer: 0
  m_Name: ColliderForLight
  m_TagString: Untagged
  m_Icon: {fileID: 0}
  m_NavMeshLayer: 0
  m_StaticEditorFlags: 0
  m_IsActive: 1
--- !u!4 &236702995732614257
Transform:
  m_ObjectHideFlags: 0
  m_CorrespondingSourceObject: {fileID: 0}
  m_PrefabInstance: {fileID: 0}
  m_PrefabAsset: {fileID: 0}
  m_GameObject: {fileID: 8981112939674050045}
  m_LocalRotation: {x: -0, y: -0, z: -0, w: 1}
  m_LocalPosition: {x: 0, y: 0, z: 0}
  m_LocalScale: {x: 13, y: 13, z: 13}
  m_Children: []
  m_Father: {fileID: 6999139711988754179}
  m_RootOrder: 0
  m_LocalEulerAnglesHint: {x: 0, y: 0, z: 0}
--- !u!135 &4548166965033678151
SphereCollider:
  m_ObjectHideFlags: 0
  m_CorrespondingSourceObject: {fileID: 0}
  m_PrefabInstance: {fileID: 0}
  m_PrefabAsset: {fileID: 0}
  m_GameObject: {fileID: 8981112939674050045}
  m_Material: {fileID: 0}
  m_IsTrigger: 1
  m_Enabled: 0
  serializedVersion: 2
  m_Radius: 0.2
  m_Center: {x: 0, y: 0, z: 0}
--- !u!114 &2334679508195101053
MonoBehaviour:
  m_ObjectHideFlags: 0
  m_CorrespondingSourceObject: {fileID: 0}
  m_PrefabInstance: {fileID: 0}
  m_PrefabAsset: {fileID: 0}
  m_GameObject: {fileID: 8981112939674050045}
  m_Enabled: 1
  m_EditorHideFlags: 0
  m_Script: {fileID: 11500000, guid: 86bdd8dde02a7feda98ca8c4a13194cc, type: 3}
  m_Name: 
  m_EditorClassIdentifier: 
--- !u!1001 &7866250629752848678
PrefabInstance:
  m_ObjectHideFlags: 0
  serializedVersion: 2
  m_Modification:
    m_TransformParent: {fileID: 1232531609502426066}
    m_Modifications:
    - target: {fileID: 3851545675638322164, guid: b1976273a93ef15c98dc1a407d30d365, type: 3}
      propertyPath: m_RootOrder
      value: 0
      objectReference: {fileID: 0}
    - target: {fileID: 3851545675638322164, guid: b1976273a93ef15c98dc1a407d30d365, type: 3}
      propertyPath: m_LocalPosition.x
      value: 0
      objectReference: {fileID: 0}
    - target: {fileID: 3851545675638322164, guid: b1976273a93ef15c98dc1a407d30d365, type: 3}
      propertyPath: m_LocalPosition.y
      value: 0
      objectReference: {fileID: 0}
    - target: {fileID: 3851545675638322164, guid: b1976273a93ef15c98dc1a407d30d365, type: 3}
      propertyPath: m_LocalPosition.z
      value: 0
      objectReference: {fileID: 0}
    - target: {fileID: 3851545675638322164, guid: b1976273a93ef15c98dc1a407d30d365, type: 3}
      propertyPath: m_LocalRotation.w
      value: 0.7071068
      objectReference: {fileID: 0}
    - target: {fileID: 3851545675638322164, guid: b1976273a93ef15c98dc1a407d30d365, type: 3}
      propertyPath: m_LocalRotation.x
      value: -0.7071068
      objectReference: {fileID: 0}
    - target: {fileID: 3851545675638322164, guid: b1976273a93ef15c98dc1a407d30d365, type: 3}
      propertyPath: m_LocalRotation.y
      value: 0
      objectReference: {fileID: 0}
    - target: {fileID: 3851545675638322164, guid: b1976273a93ef15c98dc1a407d30d365, type: 3}
      propertyPath: m_LocalRotation.z
      value: 0
      objectReference: {fileID: 0}
    - target: {fileID: 3851545675638322164, guid: b1976273a93ef15c98dc1a407d30d365, type: 3}
      propertyPath: m_LocalEulerAnglesHint.x
      value: -90
      objectReference: {fileID: 0}
    - target: {fileID: 3851545675638322164, guid: b1976273a93ef15c98dc1a407d30d365, type: 3}
      propertyPath: m_LocalEulerAnglesHint.y
      value: 0
      objectReference: {fileID: 0}
    - target: {fileID: 3851545675638322164, guid: b1976273a93ef15c98dc1a407d30d365, type: 3}
      propertyPath: m_LocalEulerAnglesHint.z
      value: 0
      objectReference: {fileID: 0}
    - target: {fileID: 4483510236244437326, guid: b1976273a93ef15c98dc1a407d30d365, type: 3}
      propertyPath: m_Name
      value: Torch01Mesh
      objectReference: {fileID: 0}
    m_RemovedComponents: []
  m_SourcePrefab: {fileID: 100100000, guid: b1976273a93ef15c98dc1a407d30d365, type: 3}
--- !u!1 &5985892533428938856 stripped
GameObject:
  m_CorrespondingSourceObject: {fileID: 4483510236244437326, guid: b1976273a93ef15c98dc1a407d30d365, type: 3}
  m_PrefabInstance: {fileID: 7866250629752848678}
  m_PrefabAsset: {fileID: 0}
--- !u!4 &6366393498391917266 stripped
Transform:
  m_CorrespondingSourceObject: {fileID: 3851545675638322164, guid: b1976273a93ef15c98dc1a407d30d365, type: 3}
  m_PrefabInstance: {fileID: 7866250629752848678}
  m_PrefabAsset: {fileID: 0}
